@article{knuth84,
  author = {Knuth, Donald E.},
  title = {Literate Programming},
  year = {1984},
  issue_date = {May 1984},
  publisher = {Oxford University Press, Inc.},
  address = {USA},
  volume = {27},
  number = {2},
  issn = {0010-4620},
  url = {https://doi.org/10.1093/comjnl/27.2.97},
  doi = {10.1093/comjnl/27.2.97},
  journal = {Comput. J.},
  month = may,
  pages = {97–111},
  numpages = {15}
}



@article{bailly2005,
	title = {Voyage en Géographie},
	author = {Bailly, Antoine},
	year = {2005},
	month = {01},
	date = {2005-01-01},
	journal = {BSGLg},
	url = {https://popups.uliege.be/0770-7576/index.php?id=1857},
	langid = {fr}
}

@book{noucher2015,
	title = {De la trace à la carte et de la carte à la trace : pour une approche critique des nouvelles sources de fabrique cartographique},
	author = {Noucher, Matthieu},
	year = {2015},
	month = {10},
	date = {2015-10},
	publisher = {Presses des Mines},
	url = {https://halshs.archives-ouvertes.fr/halshs-01212022},
	langid = {fr}
}
